@misc{kan,
      title={KAN: Kolmogorov-Arnold Networks}, 
      author={Ziming Liu and Yixuan Wang and Sachin Vaidya and Fabian Ruehle and James Halverson and Marin Soljačić and Thomas Y. Hou and Max Tegmark},
      year={2025},
      eprint={2404.19756},
      archivePrefix={arXiv},
      primaryClass={cs.LG},
      url={https://arxiv.org/abs/2404.19756}, 
}

% The latex theme I'm using for these slides
@misc{pm25_simpledarkblue,
  author    = {Pin-Yen Huang},
  title     = {SimpleDarkBlue Beamer Theme},
  year      = {2021},
  url       = {https://github.com/pm25/SimpleDarkBlue-BeamerTheme},
  urldate   = {2025-06-16},
  note      = {GitHub repository}
}

% Following two citations related to the previous work done at MSU
@inproceedings{Morales_2021,
   title={Hyperspectral Band Selection for Multispectral Image Classification with Convolutional Networks},
   url={http://dx.doi.org/10.1109/IJCNN52387.2021.9533700},
   DOI={10.1109/ijcnn52387.2021.9533700},
   booktitle={2021 International Joint Conference on Neural Networks (IJCNN)},
   publisher={IEEE},
   author={Morales, Giorgio and Sheppard, John and Logan, Riley and Shaw, Joseph},
   year={2021},
   month=jul, pages={1–8}
}

@Article{rs13183649,
AUTHOR = {Morales, Giorgio and Sheppard, John W. and Logan, Riley D. and Shaw, Joseph A.},
TITLE = {Hyperspectral Dimensionality Reduction Based on Inter-Band Redundancy Analysis and Greedy Spectral Selection},
JOURNAL = {Remote Sensing},
VOLUME = {13},
YEAR = {2021},
NUMBER = {18},
ARTICLE-NUMBER = {3649},
URL = {https://www.mdpi.com/2072-4292/13/18/3649},
ISSN = {2072-4292},
DOI = {10.3390/rs13183649}
}

% The two papers that I read but didn't do much
@misc{wang2024spectralkankolmogorovarnoldnetworkhyperspectral,
      title={SpectralKAN: Kolmogorov-Arnold Network for Hyperspectral Images Change Detection}, 
      author={Yanheng Wang and Xiaohan Yu and Yongsheng Gao and Jianjun Sha and Jian Wang and Lianru Gao and Yonggang Zhang and Xianhui Rong},
      year={2024},
      eprint={2407.00949},
      archivePrefix={arXiv},
      primaryClass={cs.CV},
      url={https://arxiv.org/abs/2407.00949}, 
}

@misc{lobanov2024hyperkankolmogorovarnoldnetworksmake,
      title={HyperKAN: Kolmogorov-Arnold Networks make Hyperspectral Image Classificators Smarter}, 
      author={Valeriy Lobanov and Nikita Firsov and Evgeny Myasnikov and Roman Khabibullin and Artem Nikonorov},
      year={2024},
      eprint={2407.05278},
      archivePrefix={arXiv},
      primaryClass={cs.CV},
      url={https://arxiv.org/abs/2407.05278}, 
}

@misc{hsi-stones,
     author = {Wikimeida Commons contributors},
     title = {HSI LWIR stones},
     howpublished = "\url{https://commons.wikimedia.org/wiki/File:HSI_LWIR_stones.png}",
     year = {2011}
}

@misc{hsi-people,
     author = {Wikimeida Commons contributors},
     title = {Specim aisaowl outdoor},
     howpublished = "\url{https://en.wikipedia.org/wiki/File:Specim_aisaowl_outdoor.png}",
     year = {2011}
}

@misc{hsi-cube,
     author = {Wikimeida Commons contributors},
     title = {HyperspectralCube},
     howpublished = "\url{https://commons.wikimedia.org/wiki/File:HyperspectralCube.jpg}",
     year = {2007}
}

@misc{nat-presentation,
  author       = {Sweeney, Nathaniel},
  title        = {Development of a Smart Unmanned System Hyperspectral Imager (SUSHI) For Ground Fuel Characterization},
}
@misc{dirk-presentation,
  author       = {Kaiser, Dirk},
  title        = {EELE490 Undergraduate Research},
  year         = {2025},
  note         = {Available at: \url{https://github.com/rksnider/SmartHyperspectralCamera/blob/main/Distillation/Paper}},
}

@misc{distillation,
  author       = {Ganesh, Prakhar},
  title        = {Knowledge Distillation: simplified},
  year         = {2019},
  note         = {Available at: \url{https://towardsdatascience.com/knowledge-distillation-simplified-dd4973dbc764/}},
}

@inproceedings{kernel-tree,
author = {Zakharov, Ilja and Mutilin, Vadim and Novikov, Evgeny and Khoroshilov, Alexey},
year = {2013},
month = {01},
pages = {},
title = {Generating Environment Model for Linux Device Drivers},
doi = {10.15514/SYRCOSE-2013-7-13}
}

@misc{dma,
     author = {Yasen Stoyanov},
     title = {Direct Memory Access (DMA) in Embedded Systems},
     howpublished = "\url{https://open4tech.com/direct-memory-access-dma-in-embedded-systems/}",
}